%Craig Gentry and Shai Halevi. 
%	Implementing Gentry's Fully-Homomorphic Encryption Scheme. Manuscript, 2010.

%Gentry, Craig. "Computing Arbitrary Functions of Encrypted Data." Communications of the ACM 53.3 (2010): 97-105. Web.
@misc{crypt2,
    author = {Craig Gentry and Shai Halevi},
    title = {Implementing Gentry's Fully-Homomorphic Encryption Scheme},
    howpublished = {Manuscript},
    year = {2010},
}

@misc{crypt1,
    author = {Craig Gentry},
    title = {Computing Arbitrary Functions of Encrypted Data},
    howpublished = {Communications of the ACM 53.3 (2010): 97-105. Web},
    year = {2010},
}
@misc{crypt,
    author = {Marten van Dijk and Craig Gentry and Shai Halevi and Vinod Vaikuntanathan},
    title = {Fully Homomorphic Encryption over the Integers},
    howpublished = {Cryptology ePrint Archive, Report 2009/616},
    year = {2009},
}
